<record><leader>00000cas a2200000 a 4500</leader><controlfield tag="001">49693710</controlfield><controlfield tag="008">020430d19071909caudn ne      0    0eng c</controlfield><datafield ind1=" " ind2=" " tag="010"><subfield code="a">sn2001060597</subfield></datafield><datafield ind1=" " ind2=" " tag="040"><subfield code="a">CNK</subfield><subfield code="b">eng</subfield><subfield code="c">CNK</subfield><subfield code="d">CNK</subfield><subfield code="d">OCLCQ</subfield><subfield code="d">OCLCF</subfield><subfield code="d">OCLCO</subfield></datafield><datafield ind1="1" ind2=" " tag="029"><subfield code="a">AU@</subfield><subfield code="b">000023539559</subfield></datafield><datafield ind1=" " ind2=" " tag="042"><subfield code="a">pcc</subfield></datafield><datafield ind1=" " ind2=" " tag="043"><subfield code="a">n-us-ca</subfield></datafield><datafield ind1="0" ind2=" " tag="130"><subfield code="a">Daily democrat (Ventura, Calif. : 1907)</subfield></datafield><datafield ind1="1" ind2="0" tag="245"><subfield code="a">Daily democrat.</subfield></datafield><datafield ind1=" " ind2=" " tag="260"><subfield code="a">Ventura, Calif. :</subfield><subfield code="b">John McGonigle</subfield></datafield><datafield ind1=" " ind2=" " tag="300"><subfield code="a">v.</subfield></datafield><datafield ind1=" " ind2=" " tag="310"><subfield code="a">Daily (except Mon.)</subfield></datafield><datafield ind1="0" ind2=" " tag="362"><subfield code="a">Vol. 6, no. 418 (Nov. 6, 1907)-v. 6, no. 339 (Feb. 6, 1909).</subfield></datafield><datafield ind1=" " ind2=" " tag="515"><subfield code="a">Issues for Jan. 8-16, 1908 carry no numbering designation. Vol. and numbering are irregular; v. 6 repeats.</subfield></datafield><datafield ind1=" " ind2=" " tag="530"><subfield code="a">Master negatives are available for duplication from:</subfield><subfield code="b">California Newspaper Microfilm Archive;</subfield><subfield code="c">positive copies may be purchased by the reel; for further information consult the CNMA at:</subfield><subfield code="u">http://cbsr.ucr.edu</subfield></datafield><datafield ind1=" " ind2="0" tag="651"><subfield code="a">Ventura (Calif.)</subfield><subfield code="v">Newspapers.</subfield></datafield><datafield ind1=" " ind2="7" tag="655"><subfield code="a">Newspapers.</subfield><subfield code="2">fast</subfield><subfield code="0">(OCoLC)fst01423814</subfield></datafield><datafield ind1=" " ind2="7" tag="651"><subfield code="a">California</subfield><subfield code="z">Ventura.</subfield><subfield code="2">fast</subfield><subfield code="0">(OCoLC)fst01212931</subfield></datafield><datafield ind1=" " ind2=" " tag="752"><subfield code="a">United States</subfield><subfield code="b">California</subfield><subfield code="c">Ventura</subfield><subfield code="d">Ventura.</subfield></datafield><datafield ind1="0" ind2="0" tag="780"><subfield code="t">Ventura daily democrat (Ventura, Calif. : 1901)</subfield><subfield code="w">(DLC)sn2001060596</subfield></datafield><datafield ind1="0" ind2="0" tag="785"><subfield code="t">Ventura daily democrat (Ventura, Calif. : 1909)</subfield><subfield code="w">(DLC)sn2001060598</subfield></datafield></record>